<marc:record>
        <marc:leader>05537cam a2200733 i 4500</marc:leader>
        <marc:controlfield tag="001">430829</marc:controlfield>
        <marc:controlfield tag="005">20130621103416.0</marc:controlfield>
        <marc:controlfield tag="008">940322s1721    enk           000 1 eng d</marc:controlfield>
        <marc:datafield ind1=" " ind2=" " tag="035">
            <marc:subfield code="a">(CStRLIN)PAUGEAY3722-B</marc:subfield></marc:datafield>
        <marc:datafield ind1=" " ind2=" " tag="035">
            <marc:subfield code="a">(CStRLIN)PAUGEAY3722-B</marc:subfield>
        </marc:datafield>
        <marc:datafield ind1=" " ind2=" " tag="035">
            <marc:subfield code="9">EAY3722</marc:subfield>
        </marc:datafield>
        <marc:datafield ind1=" " ind2=" " tag="035">
            <marc:subfield code="a">1808120</marc:subfield>
        </marc:datafield>
        <marc:datafield ind1=" " ind2=" " tag="035">
            <marc:subfield code="a">(MediadbVoyBIBID)430829</marc:subfield>
        </marc:datafield>
        <marc:datafield ind1=" " ind2=" " tag="035">
            <marc:subfield code="a">(END)pr_3506_h94_a682_1721</marc:subfield>
        </marc:datafield>
        <marc:datafield ind1=" " ind2=" " tag="040">
            <marc:subfield code="a">PU</marc:subfield>
            <marc:subfield code="c">PU</marc:subfield>
        </marc:datafield>
        <marc:datafield ind1=" " ind2=" " tag="090">
            <marc:subfield code="f">h</marc:subfield>
            <marc:subfield code="n">\\jl\\</marc:subfield>
        </marc:datafield>
        <marc:datafield ind1="1" ind2=" " tag="100">
            <marc:subfield code="a">Haywood, Eliza Fowler,</marc:subfield>
            <marc:subfield code="d">1693?-1756.</marc:subfield>
        </marc:datafield>
        <marc:datafield ind1="1" ind2="0" tag="245">
            <marc:subfield code="a">Love in excess, or, The fatal enquiry :</marc:subfield>
            <marc:subfield code="b">a novel /</marc:subfield>
            <marc:subfield code="c">by Mrs. Haywood.</marc:subfield>
        </marc:datafield>
        <marc:datafield ind1=" " ind2=" " tag="246">
            <marc:subfield code="a">Love in excess; or the fatal enquiry, a novel.  Part the first.  By Mrs. Haywood.  The third edition corrected.</marc:subfield>
            <marc:subfield code="d">Letter-press</marc:subfield>
            <marc:subfield code="g">Full</marc:subfield>
            <marc:subfield code="x">Volume</marc:subfield>
            <marc:subfield code="v">v.1</marc:subfield>
        </marc:datafield>
        <marc:datafield ind1=" " ind2=" " tag="246">
            <marc:subfield code="a">Love in excess; or the fatal enquiry, a novel.  Part the second.  By Mrs. Haywood.</marc:subfield>
            <marc:subfield code="d">Letter-press</marc:subfield>
            <marc:subfield code="g">Full</marc:subfield>
            <marc:subfield code="x">Volume</marc:subfield>
            <marc:subfield code="v">v.2</marc:subfield>
        </marc:datafield>
        <marc:datafield ind1="0" ind2="7" tag="246">
            <marc:subfield code="a">Love in excess; or, the fatal enquiry.</marc:subfield>
            <marc:subfield code="v">v.1</marc:subfield>
            <marc:subfield code="v">v.2</marc:subfield>
            <marc:subfield code="v">v.3</marc:subfield>
        </marc:datafield>
        <marc:datafield ind1="0" ind2="7" tag="246">
            <marc:subfield code="a">Love in excess; or, (verso)</marc:subfield>
            <marc:subfield code="a">the fatal enquiry (recto)</marc:subfield>
            <marc:subfield code="v">v.1</marc:subfield>
            <marc:subfield code="v">v.2</marc:subfield>
            <marc:subfield code="v">v.3</marc:subfield>
        </marc:datafield>
        <marc:datafield ind1=" " ind2=" " tag="250">
            <marc:subfield code="a">The third edition corrected.</marc:subfield>
            <marc:subfield code="b">Third edition</marc:subfield>
        </marc:datafield>
        <marc:datafield ind1=" " ind2=" " tag="260">
            <marc:subfield code="a">London</marc:subfield>
            <marc:subfield code="b">Printed for W. Chetwood, at Cato\'s-Head in Russel-Street, Covent-Garden.</marc:subfield>
            <marc:subfield code="c">M.DCCXXI. (1721)</marc:subfield>
            <marc:subfield code="x">Price six-shillings.</marc:subfield>
            <marc:subfield code="v">v.1</marc:subfield>
        </marc:datafield>
        <marc:datafield ind1=" " ind2=" " tag="260">
            <marc:subfield code="a">London</marc:subfield>
            <marc:subfield code="b">Printed for W. Chetwood, at Cato\'s-Head, under Tom\'s Coffee-house, in Russel-Street, Covent Garden, and sold by J. Roberts in Warwick-Lane, price 2s. Where may be had the first part of Love in excess; and the Spaniard, or Don Zara del Fogo, a new romance, just published.</marc:subfield>
            <marc:subfield code="v">v.2</marc:subfield>
        </marc:datafield>
        <marc:datafield ind1=" " ind2=" " tag="300">
            <marc:subfield code="a">3 parts in 1 v. ;</marc:subfield>
            <marc:subfield code="c">21 cm.</marc:subfield>
            <marc:subfield code="x">Octavo</marc:subfield>
            <marc:subfield code="z">In three parts.</marc:subfield>
            <marc:subfield code="a">[1 v.]</marc:subfield>
        </marc:datafield>
        <marc:datafield ind1=" " ind2=" " tag="300">
            <marc:subfield code="a">[1]-56</marc:subfield>
            <marc:subfield code="b">ill</marc:subfield>
            <marc:subfield code="v">v.1</marc:subfield>
        </marc:datafield>
        <marc:datafield ind1=" " ind2=" " tag="300">
            <marc:subfield code="a">[1]-111</marc:subfield>
            <marc:subfield code="v">v.2</marc:subfield>
        </marc:datafield>
        <marc:datafield ind1=" " ind2=" " tag="300">
            <marc:subfield code="a">[1]-155</marc:subfield>
            <marc:subfield code="v">v.3</marc:subfield>
        </marc:datafield>
        <marc:datafield ind1=" " ind2=" " tag="500">
            <marc:subfield code="a">Vignettes in title-pages, head and tailpieces.</marc:subfield>
        </marc:datafield>
        <marc:datafield ind1=" " ind2=" " tag="500">
            <marc:subfield code="a">Each part has separate t.-p. and pagination.</marc:subfield>
        </marc:datafield>
        <marc:datafield ind1=" " ind2=" " tag="500">
            <marc:subfield code="a">T.p. for part 2 has imprint: Printed for W. Chetwood ... and sold by J. Roberts.</marc:subfield>
        </marc:datafield>
        <marc:datafield ind1="4" ind2=" " tag="510">
            <marc:subfield code="a">ESTC (RLIN)</marc:subfield>
            <marc:subfield code="c">N3118</marc:subfield>
        </marc:datafield>
        <marc:datafield ind1="4" ind2=" " tag="510">
            <marc:subfield code="a">McBurney, W.H.  Engl. prose fiction,</marc:subfield>
            <marc:subfield code="c">103c.</marc:subfield>
        </marc:datafield>
        <marc:datafield ind1=" " ind2=" " tag="520">
            <marc:subfield code="a">Letter</marc:subfield>
            <marc:subfield code="b">To Mrs. Eliza Haywood, on her novel call\'d Love in excess, &amp;c.</marc:subfield>
            <marc:subfield code="c">Front</marc:subfield>
            <marc:subfield code="v">v.2</marc:subfield>
            <marc:subfield code="x">Letter is written in verse.</marc:subfield>
            <marc:subfield code="x">Letter praises the novel: &quot;Thy Prose in Sweeter Harmony refines, --- Than Numbers flowing thro\' the Muse\'s Lines; --- What Beauty ne\'er cou\'d melt, thy Touches fire, --- And raise a Musick that can Love inspires.&quot;</marc:subfield>
        </marc:datafield>
        <marc:datafield ind1=" " ind2=" " tag="520">
            <marc:subfield code="a">Letter</marc:subfield>
            <marc:subfield code="b">By an unknown hand, to the most ingenious Mrs. Haywood, on her novel entitled, Love in excess.</marc:subfield>
            <marc:subfield code="c">Front</marc:subfield>
            <marc:subfield code="v">v.2</marc:subfield>
            <marc:subfield code="x">Written in verse.</marc:subfield>
            <marc:subfield code="x">&quot;A Stranger Muse, an Unbeliever too, --- That Womens Souls such strength of Vigour knew! --- Nor less an Atheist to Love\'s Pow\'r declar\'d, --- Till You a Champion for the Sex appear\'d!&quot;</marc:subfield>
        </marc:datafield>
        <marc:datafield ind1=" " ind2=" " tag="590">
            <marc:subfield code="a">Imperfect: t.p. for pt. 3 wanting.</marc:subfield>
        </marc:datafield>
        <marc:datafield ind1=" " ind2=" " tag="591">
            <marc:subfield code="a">-------In vain from Fate we fly, --- For first or last, as all must die, --- So \'tis as much decreed above, --- That first, or last, we all must love.</marc:subfield>
            <marc:subfield code="2">Lansdown.</marc:subfield>
            <marc:subfield code="b">To Myra</marc:subfield>
            <marc:subfield code="c">George Granville, Lord Lansdowne</marc:subfield>
            <marc:subfield code="v">v.1</marc:subfield>
        </marc:datafield>
        <marc:datafield ind1=" " ind2=" " tag="591">
            <marc:subfield code="a">Each day we break the bond of humane laws --- For love, and vindicate the common cause. --- Laws for defence of civil rights are plac\'d, --- Love throws the fences down and makes a gen\'ral waste. --- Minds, widows, wives, without distinction fall, --- The sweeping deluge love comes on and covers all.</marc:subfield>
            <marc:subfield code="b">Palamon and Arcite, or, the knight\'s tale</marc:subfield>
            <marc:subfield code="c">John Dryden</marc:subfield>
            <marc:subfield code="v">v.2</marc:subfield>
        </marc:datafield>
        <marc:datafield ind1=" " ind2=" " tag="592">
            <marc:subfield code="a">Third-person</marc:subfield>
            <marc:subfield code="b">Letters</marc:subfield>
            <marc:subfield code="c">Poems</marc:subfield>
            <marc:subfield code="x">Letters occur in Vol. I on pages 4, 11-12, 14, 25; in Vol. II on pages 11-13, 16-17, 27-9, 71, 100; and in Vol. III on pages 6-9, 30-2, 46, 53-8, 61-2, 76-8, 81-2, 84-9, 101-4, 108-11, 118-9, 134.</marc:subfield>
            <marc:subfield code="x">Verse appears in Vol. I on pages 45-6; in Vol. II on pages 61-2; and in Vol. III in a letter on pages 56-7.</marc:subfield>
        </marc:datafield>
        <marc:datafield ind1=" " ind2=" " tag="599">
            <marc:subfield code="a">Author (text)</marc:subfield>
            <marc:subfield code="b">Proper name</marc:subfield>
            <marc:subfield code="2">By Mrs. Haywood</marc:subfield>
            <marc:subfield code="3">Title page</marc:subfield>
            <marc:subfield code="5">Female</marc:subfield>
            <marc:subfield code="6">Female</marc:subfield>
            <marc:subfield code="v">v.1</marc:subfield>
            <marc:subfield code="v">v.2</marc:subfield>
            <marc:subfield code="v">v.3</marc:subfield>
        </marc:datafield>
        <marc:datafield ind1=" " ind2=" " tag="599">
            <marc:subfield code="a">Author (paratext)</marc:subfield>
            <marc:subfield code="b">Proper name</marc:subfield>
            <marc:subfield code="2">Richard Savage</marc:subfield>
            <marc:subfield code="3">Letter</marc:subfield>
            <marc:subfield code="5">Male</marc:subfield>
            <marc:subfield code="v">v.2</marc:subfield>
        </marc:datafield>
        <marc:datafield ind1=" " ind2=" " tag="599">
            <marc:subfield code="a">Author (paratext)</marc:subfield>
            <marc:subfield code="b">Generic/Descriptive</marc:subfield>
            <marc:subfield code="2">By an unknown hand, to the most ingenious Mrs. Haywood, on her novel [...]</marc:subfield>
            <marc:subfield code="3">Letter</marc:subfield>
            <marc:subfield code="v">v.2</marc:subfield>
        </marc:datafield>
        <marc:datafield ind1=" " ind2="4" tag="650">
            <marc:subfield code="a">CHR 1721</marc:subfield>
        </marc:datafield>
        <marc:datafield ind1=" " ind2=" " tag="656">
            <marc:subfield code="a">Mixed genre</marc:subfield>
            <marc:subfield code="b">Back</marc:subfield>
            <marc:subfield code="c">Same publisher</marc:subfield>
            <marc:subfield code="x">&quot;Books printed and sold by W. Chetwood (the Post-House) at Cato\'s-Head, under Tom\'s Coffee House, in Russel-Street, Coven-Garden</marc:subfield>
            <marc:subfield code="v">v.3</marc:subfield>
        </marc:datafield>
        <marc:datafield ind1=" " ind2=" " tag="656">
            <marc:subfield code="a">Fiction</marc:subfield>
            <marc:subfield code="b">Front</marc:subfield>
            <marc:subfield code="c">Same publisher</marc:subfield>
            <marc:subfield code="v">v.2</marc:subfield>
            <marc:subfield code="x">Advertisement appears with publication information: [...] and Sold by J. Roberts in Warwick-Lane, Price 2s. Where may be had the first part of Love in excess; and the Spaniard, or Don Zara del Fogo, a new romance, just published.</marc:subfield>
        </marc:datafield>
        <marc:datafield ind1="0" ind2="1" tag="740">
            <marc:subfield code="a">Love in excess.</marc:subfield>
        </marc:datafield>
        <marc:datafield ind1="0" ind2="1" tag="740">
            <marc:subfield code="a">Fatal enquiry.</marc:subfield>
        </marc:datafield>
        <marc:datafield ind1=" " ind2=" " tag="700">
            <marc:subfield code="a">Haywood, Eliza Fowler</marc:subfield>
            <marc:subfield code="d">1693?-1756</marc:subfield>
            <marc:subfield code="4">Author (text)</marc:subfield>
            <marc:subfield code="5">Authorized</marc:subfield>
        </marc:datafield>
        <marc:datafield ind1=" " ind2=" " tag="700">
            <marc:subfield code="a">Savage, Richard</marc:subfield>
            <marc:subfield code="d">-1743</marc:subfield>
            <marc:subfield code="4">Author (paratext)</marc:subfield>
            <marc:subfield code="5">Authorized</marc:subfield>
        </marc:datafield>
        <marc:datafield ind1=" " ind2=" " tag="700">
            <marc:subfield code="a">Lansdowne, George Granville</marc:subfield>
            <marc:subfield code="c">Baron</marc:subfield>
            <marc:subfield code="d">1667-1735</marc:subfield>
            <marc:subfield code="4">Author (epigraph)</marc:subfield>
            <marc:subfield code="5">Authorized</marc:subfield>
        </marc:datafield>
        <marc:datafield ind1=" " ind2=" " tag="700">
            <marc:subfield code="a">Dryden, John</marc:subfield>
            <marc:subfield code="d">1631-1700</marc:subfield>
            <marc:subfield code="4">Author (epigraph)</marc:subfield>
            <marc:subfield code="5">Authorized</marc:subfield>
        </marc:datafield>
        <marc:datafield ind1=" " ind2=" " tag="700">
            <marc:subfield code="a">J. Roberts</marc:subfield>
            <marc:subfield code="4">Sold by</marc:subfield>
            <marc:subfield code="5">Unauthorized</marc:subfield>
        </marc:datafield>
        <marc:datafield ind1=" " ind2=" " tag="700">
            <marc:subfield code="a">Chetwood, W. R.</marc:subfield>
            <marc:subfield code="q">(William Rufus)</marc:subfield>
            <marc:subfield code="d">-1776</marc:subfield>
            <marc:subfield code="4">Printed for</marc:subfield>
            <marc:subfield code="5">Authorized</marc:subfield>
        </marc:datafield>
        <marc:datafield ind1=" " ind2=" " tag="710">
            <marc:subfield code="a">J. Roberts</marc:subfield>
            <marc:subfield code="4">Sold by</marc:subfield>
            <marc:subfield code="5">Unauthorized</marc:subfield>
        </marc:datafield>
        <marc:datafield ind1=" " ind2=" " tag="710">
            <marc:subfield code="a">W. Chetwood</marc:subfield>
            <marc:subfield code="4">Printed for</marc:subfield>
            <marc:subfield code="5">Unauthorized</marc:subfield>
        </marc:datafield>
        <marc:datafield ind1="2" ind2=" " tag="710">
            <marc:subfield code="a">Collection of British and American Fiction, 1660-1830 (University of Pennsylvania)</marc:subfield>
        </marc:datafield>
        <marc:datafield ind1="2" ind2=" " tag="710">
            <marc:subfield code="a">Early Novels</marc:subfield>
            <marc:subfield code="5">University of Pennsylvania</marc:subfield>
        </marc:datafield>
        <marc:datafield ind1=" " ind2=" " tag="950">
            <marc:subfield code="l">RBC</marc:subfield>
            <marc:subfield code="a">PR3506.H94</marc:subfield>
            <marc:subfield code="b">A682 1721</marc:subfield>
            <marc:subfield code="i">01/01/01 N</marc:subfield>
            <marc:subfield code="x">010</marc:subfield>
        </marc:datafield>
        <marc:datafield ind1=" " ind2=" " tag="955">
            <marc:subfield code="l">RBC</marc:subfield>
            <marc:subfield code="c">1</marc:subfield>
            <marc:subfield code="s">726387</marc:subfield>
            <marc:subfield code="s">recl. fr. 823/H339L</marc:subfield>
        </marc:datafield>
        <marc:datafield ind1=" " ind2=" " tag="998">
            <marc:subfield code="n">PU</marc:subfield>
            <marc:subfield code="z">BNA</marc:subfield>
        </marc:datafield>
        <marc:datafield ind1=" " ind2=" " tag="948">
            <marc:subfield code="a">jl</marc:subfield>
        </marc:datafield>
        <marc:datafield ind1=" " ind2=" " tag="989">
            <marc:subfield code="2">love</marc:subfield>
            <marc:subfield code="2">excess</marc:subfield>
            <marc:subfield code="3">fatal</marc:subfield>
            <marc:subfield code="2">enquiry</marc:subfield>
            <marc:subfield code="2">novel</marc:subfield>
            <marc:subfield code="3">first</marc:subfield>
            <marc:subfield code="2">part</marc:subfield>
            <marc:subfield code="5">Mrs. Haywood</marc:subfield>
            <marc:subfield code="3">third</marc:subfield>
            <marc:subfield code="2">edition</marc:subfield>
            <marc:subfield code="3">corrected</marc:subfield>
        </marc:datafield>
        <marc:datafield ind1=" " ind2=" " tag="999">
            <marc:subfield code="a">JRH</marc:subfield>
            <marc:subfield code="b">6/18/13</marc:subfield>
            <marc:subfield code="c">Swarthmore College</marc:subfield>
            <marc:subfield code="d">ANS</marc:subfield>
        </marc:datafield>
    </marc:record>